@book{ulin,
	Author = {H. K. Khalil},
	Date-Added = {2008-03-07 19:25:26 +0100},
	Date-Modified = {2008-03-07 19:26:01 +0100},
	Edition = {3},
	Publisher = {Pearson Education},
	Title = {Nonlinear Systems},
	Year = {2000}}

    
@article{laser-ranging-critical-review,
    author = {Markus-Christian Amann and Thierry Bosch and Marc Lescure and Risto
        Myllyl\"{a} and Marc Rioux},
    collaboration = {},
    title = {Laser ranging: a critical review of usual techniques for distance
        measurement},
    publisher = {SPIE},
    year = {2001},
    journal = {Optical Engineering},
    volume = {40},
    number = {1},
    pages = {10-19},
    keywords = {reviews; laser ranging; measurement errors},
    url = {http://link.aip.org/link/?JOE/40/10/1},
    doi = {10.1117/1.1330700}
}

@phdthesis{elfes,
    author = {Elfes, A.},
    title = {Occupancy Grids: A Probabilistic Framework for Robot Perception and
        Navigation},
    school = {Carnegie Mellon University},
    institute =  {Department of Electrical and Computer Engineering},
    year = {1989},
    }

@article{moravec,
    author = {Moravec, H. P.},
    title = {Sensor Fusion in Certainty Grids for Mobile Robots},
    year = {1988},
    journal = {A.I. Magazine},
    pages = {61-74},
    volume = {9}
    }

@proceedings{sr3000,
    author = {Weingarten, J. W. and Gruener, G. and Seigwart, R.},
    title = {State-of-the-art 3D sensor for robot navigation},
    year = {2004},
    publisher = {International Conference on Intelligent Robots and Systems},
    month = {October},
    organization = {IEEE},
}

@article{sensor-fusion-mobile-robots,
    author = {Kam, M. and Zhu, X. and Kalata, P.},
    title = {Sensor Fusion for Mobile Robot Navigation},
    publisher = {Proceedings of the IEE},
    year = {1997},
    month = {January},

}
@book{fossen,
	Author = {T. I. Fossen},
	Date-Added = {2008-03-07 19:24:48 +0100},
	Date-Modified = {2008-03-07 19:25:16 +0100},
	Publisher = {Marine Cybernetics},
	Title = {Marine Control Systems},
	Year = {2002}
}

@book{modsim,
	Author = {Olav Egeland and Jan Tommy Gravdahl},
	edition = {1},
	year = {2002},
	title = {Modeling and Simulation for Automatic Control},
	publisher = {Marine Cybernetics}
}

@book{forsell,
	Author = {BÃ¸rje Forsell},
	Publisher = {Tapir},
	title = {Radio Navigation Systems},
	year = {1991}
}

@book{computervision,
	Author = {Tim Morris},
	Publisher = {Palgrave Maccmillan},
	title = {Computer Vision and Image Processing},
	Year = {2004}
}


@book{robotbok,
	Author = {M. W. Spong and Seth Hutchinson and M. Vidyasagar},
	publisher = {John Wiley and Sons, Inc},
	title = {Robot Modeling and control},
	year = {2006}}
	
@book{kalman,
	Author = {Robert Grover Brown and Patrick Y. C. Hwang},
	publisher = {John Wiley and Sons},
	title = {Introduction to Random Signals and Applied Kalman Filtering},
	year = {1997},
	edition = {3rd}
}
